<record><leader>00000cas a22000007a 4500</leader><controlfield tag="001">12156167</controlfield><controlfield tag="008">850614c198u9999waudn ne      0   a0eng d</controlfield><datafield ind1=" " ind2=" " tag="010"><subfield code="a">sn 85007443 </subfield></datafield><datafield ind1=" " ind2=" " tag="040"><subfield code="a">NSD</subfield><subfield code="b">eng</subfield><subfield code="c">NSD</subfield><subfield code="d">SLZ</subfield><subfield code="d">OCLCQ</subfield><subfield code="d">OCLCF</subfield><subfield code="d">OCLCO</subfield></datafield><datafield ind1=" " ind2=" " tag="012"><subfield code="m">1</subfield></datafield><datafield ind1="1" ind2=" " tag="022"><subfield code="a">0883-5748</subfield><subfield code="l">0883-5748</subfield><subfield code="2">1</subfield></datafield><datafield ind1=" " ind2=" " tag="032"><subfield code="a">744210</subfield><subfield code="b">USPS</subfield></datafield><datafield ind1=" " ind2=" " tag="037"><subfield code="b">Daily News, E. 205 Main St., Pullman, WA 99163-2886</subfield></datafield><datafield ind1=" " ind2=" " tag="042"><subfield code="a">nsdp</subfield></datafield><datafield ind1=" " ind2=" " tag="043"><subfield code="a">n-us-wa</subfield><subfield code="a">n-us-id</subfield></datafield><datafield ind1="0" ind2=" " tag="130"><subfield code="a">Daily news (Pullman, Wash.)</subfield></datafield><datafield ind1=" " ind2="0" tag="222"><subfield code="a">Daily news</subfield><subfield code="b">(Pullman, Wash.)</subfield></datafield><datafield ind1="1" ind2="0" tag="245"><subfield code="a">Daily news.</subfield></datafield><datafield ind1="1" ind2="7" tag="246"><subfield code="a">Idahonian/Daily news</subfield><subfield code="f">&lt;Oct. 30, 1984-8&gt;</subfield></datafield><datafield ind1=" " ind2=" " tag="260"><subfield code="a">Pullman, Wash. :</subfield><subfield code="b">News-Review Pub. Co.</subfield></datafield><datafield ind1=" " ind2=" " tag="300"><subfield code="a">v.</subfield></datafield><datafield ind1=" " ind2=" " tag="310"><subfield code="a">Daily (except Sunday)</subfield></datafield><datafield ind1=" " ind2=" " tag="588"><subfield code="a">Description based on: Vol. 4, no. 262 (Tuesday, Oct. 30, 1984).</subfield></datafield><datafield ind1=" " ind2=" " tag="588"><subfield code="a">Latest issue consulted: Vol. 5, no. 255 (Oct. 28, 1985).</subfield></datafield><datafield ind1=" " ind2="0" tag="651"><subfield code="a">Pullman (Wash.)</subfield><subfield code="v">Newspapers.</subfield></datafield><datafield ind1=" " ind2="7" tag="655"><subfield code="a">Newspapers.</subfield><subfield code="2">fast</subfield><subfield code="0">(OCoLC)fst01423814</subfield></datafield><datafield ind1=" " ind2="7" tag="651"><subfield code="a">Washington (State)</subfield><subfield code="z">Pullman.</subfield><subfield code="2">fast</subfield><subfield code="0">(OCoLC)fst01205473</subfield></datafield><datafield ind1=" " ind2=" " tag="752"><subfield code="a">United States</subfield><subfield code="b">Washington</subfield><subfield code="c">Whitman</subfield><subfield code="d">Pullman.</subfield></datafield></record>